@article{tolwani2012continuous,
	title={Continuous renal-replacement therapy for acute kidney injury},
	author={Tolwani, Ashita},
	journal={New England Journal of Medicine},
	volume={367},
	number={26},
	pages={2505--2514},
	year={2012},
	publisher={Mass Medical Soc}
}

@article{uchino2005acute,
	title={Acute renal failure in critically ill patients: a multinational, multicenter study},
	author={Uchino, Shigehiko and Kellum, John A and Bellomo, Rinaldo and Doig, Gordon S and Morimatsu, Hiroshi and Morgera, Stanislao and Schetz, Miet and Tan, Ian and Bouman, Catherine and Macedo, Ettiene and others},
	journal={Jama},
	volume={294},
	number={7},
	pages={813--818},
	year={2005},
	publisher={American Medical Association}
}

@article{villa2015renal,
	title={Renal replacement therapy},
	author={Villa, Gianluca and Ricci, Zaccaria and Ronco, Claudio},
	journal={Critical care clinics},
	volume={31},
	number={4},
	pages={839--848},
	year={2015},
	publisher={Elsevier}
}
  
@article{tiglis2022overview,
	title={Overview of Renal Replacement Therapy Use in a General Intensive Care Unit},
	author={Tiglis, Mirela and Peride, Ileana and Florea, Iulia Alexandra and Niculae, Andrei and Petcu, Lucian Cristian and Neagu, Tiberiu Paul and Checherita, Ionel Alexandru and Grintescu, Ioana Marina},
	journal={International Journal of Environmental Research and Public Health},
	volume={19},
	number={4},
	pages={2453},
	year={2022},
	publisher={MDPI}
}

@article{doi2017associations,
	title={Associations of polyethylenimine-coated AN69ST membrane in continuous renal replacement therapy with the intensive care outcomes: observations from a claims database from Japan},
	author={Doi, Kent and Iwagami, Masao and Yoshida, Emiko and Marshall, Mark R},
	journal={Blood purification},
	volume={44},
	number={3},
	pages={184--192},
	year={2017},
	publisher={Karger Publishers}
}


@article{turani2019continuous,
	title={Continuous renal replacement therapy with the adsorbing filter oXiris in septic patients: a case series},
	author={Turani, Franco and Barchetta, Riccardo and Falco, Mauro and Busatti, Silvia and Weltert, Luca},
	journal={Blood Purification},
	volume={47},
	pages={54--58},
	year={2019},
	publisher={Karger Publishers}
}

@article{honore2013newly,
	title={Newly designed CRRT membranes for sepsis and SIRS—a pragmatic approach for bedside intensivists summarizing the more recent advances: a systematic structured review},
	author={Honore, Patrick M and Jacobs, Rita and Joannes-Boyau, Olivier and De Regt, Jouke and De Waele, Elisabeth and Van Gorp, Viola and Boer, Willem and Verfaillie, Lies and Spapen, Herbert D},
	journal={ASAIO journal},
	volume={59},
	number={2},
	pages={99--106},
	year={2013},
	publisher={LWW}
}

@article{karkar2019continuous,
	title={Continuous renal replacement therapy: Principles, modalities, and prescription},
	author={Karkar, Ayman and others},
	journal={Saudi Journal of Kidney Diseases and Transplantation},
	volume={30},
	number={6},
	pages={1201},
	year={2019},
	publisher={Medknow Publications}
}

@article{rabindranath2007intermittent,
	title={Intermittent versus continuous renal replacement therapy for acute renal failure in adults},
	author={Rabindranath, Kannaiyan S and Adams, James and MacLeod, Alison M and Muirhead, Norman},
	journal={Cochrane Database of Systematic Reviews},
	number={3},
	year={2007},
	publisher={John Wiley \& Sons, Ltd}
}

@misc{REDCap,
	title = {REDCap\_site},
	howpublished = {\url{https://rialab.dss.unifi.it/redcap_v8.11.6}}
}

@book{redman2008data,
	title={Data driven: profiting from your most important business asset},
	author={Redman, Thomas C},
	year={2008},
	publisher={Harvard Business Press}
}

@article{fadahunsi2019protocol,
	title={Protocol for a systematic review and qualitative synthesis of information quality frameworks in eHealth},
	author={Fadahunsi, Kayode Philip and Akinlua, James Tosin and O’Connor, Siobhan and Wark, Petra A and Gallagher, Joseph and Carroll, Christopher and Majeed, Azeem and O’Donoghue, John},
	journal={BMJ open},
	volume={9},
	number={3},
	pages={e024722},
	year={2019},
	publisher={British Medical Journal Publishing Group}
}

@article{fadahunsi2021information,
	title={Information quality frameworks for digital health technologies: systematic review},
	author={Fadahunsi, Kayode Philip and O'Connor, Siobhan and Akinlua, James Tosin and Wark, Petra A and Gallagher, Joseph and Carroll, Christopher and Car, Josip and Majeed, Azeem and O'Donoghue, John},
	journal={Journal of medical Internet research},
	volume={23},
	number={5},
	pages={e23479},
	year={2021},
	publisher={JMIR Publications Toronto, Canada}
}

@book{smallwood2019information,
	title={Information governance: Concepts, strategies and best practices},
	author={Smallwood, Robert F},
	year={2019},
	publisher={John Wiley \& Sons}
}

@article{meng2013big,
	title={Big data management: concepts, techniques and challenges},
	author={Meng, Xiaofeng and Ci, Xiang},
	journal={Journal of computer research and development},
	volume={50},
	number={1},
	pages={146--169},
	year={2013}
}

@misc{Statista,
	title = {Statista},
	howpublished={\url{https://www.statista.com}}
}

@article{li2012research,
	title={Research status and scientific thinking of big data},
	author={Li, Guo-jie and Cheng, Xue-qi},
	journal={Bulletin of Chinese Academy of Sciences},
	volume={27},
	number={6},
	pages={647--657},
	year={2012}
}

@article{feng2013research,
	title={On the research frontiers of business management in the context of Big Data},
	author={Feng, ZY and Guo, XH and Zeng, DJ and Chen, YB and Chen, GQ},
	journal={Journal of Management sciences in china},
	volume={16},
	number={1},
	pages={1--9},
	year={2013}
}

@misc{cai2015challenges,
	title={The challenges of data quality and data quality assessment in the big data era. Data Sci J 14: 2},
	author={Cai, L and Zhu, Y},
	year={2015}
}

@article{solomon1991evaluation,
	title={Evaluation and implementation of public health registries.},
	author={Solomon, David J and Henry, Rebecca C and Hogan, Joanne G and Van Amburg, George H and Taylor, Jeffrey},
	journal={Public health reports},
	volume={106},
	number={2},
	pages={142},
	year={1991},
	publisher={SAGE Publications}
}

@inproceedings{gao2016big,
	title={Big data validation and quality assurance--issuses, challenges, and needs},
	author={Gao, Jerry and Xie, Chunli and Tao, Chuanqi},
	booktitle={2016 IEEE symposium on service-oriented system engineering (SOSE)},
	pages={433--441},
	year={2016},
	organization={IEEE}
}

@article{goldhill1998apache,
	title={APACHE II, data accuracy and outcome prediction},
	author={Goldhill, DR and Sumner, A},
	journal={Anaesthesia},
	volume={53},
	number={10},
	pages={937--943},
	year={1998},
	publisher={Wiley Online Library}
}

@article{lorenzoni1999quality,
	title={The quality of abstracting medical information from the medical record: the impact of training programmes},
	author={Lorenzoni, LUCA and Da Cas, ROBERTO and Aparo, UL},
	journal={International Journal for Quality in Health Care},
	volume={11},
	number={3},
	pages={209--213},
	year={1999},
	publisher={Oxford University Press}
}

@article{seddon1997data,
	title={Data quality in population-based cancer registration: an assessment of the Merseyside and Cheshire Cancer Registry},
	author={Seddon, DJ and Williams, EMI},
	journal={British Journal of Cancer},
	volume={76},
	number={5},
	pages={667--674},
	year={1997},
	publisher={Nature Publishing Group}
}

@article{barrie1992quality,
	title={Quality of data in the Manchester orthopaedic database.},
	author={Barrie, JL and Marsh, DR},
	journal={British Medical Journal},
	volume={304},
	number={6820},
	pages={159--162},
	year={1992},
	publisher={British Medical Journal Publishing Group}
}

@article{horbar1995assessment,
	title={An assessment of data quality in the Vermont-Oxford Trials Network database},
	author={Horbar, Jeffrey D and Leahy, Kathleen A},
	journal={Controlled clinical trials},
	volume={16},
	number={1},
	pages={51--61},
	year={1995},
	publisher={Elsevier}
}

@article{arts2002defining,
	title={Defining and improving data quality in medical registries: a literature review, case study, and generic framework},
	author={Arts, Danielle GT and De Keizer, Nicolette F and Scheffer, Gert-Jan},
	journal={Journal of the American Medical Informatics Association},
	volume={9},
	number={6},
	pages={600--611},
	year={2002},
	publisher={BMJ Group BMA House, Tavistock Square, London, WC1H 9JR}
}

@book{mcgilvray2021executing,
	title={Executing data quality projects: Ten steps to quality data and trusted information (TM)},
	author={McGilvray, Danette},
	year={2021},
	publisher={Academic Press}
}

@article{chan2010electronic,
	title={Electronic health records and the reliability and validity of quality measures: a review of the literature},
	author={Chan, Kitty S and Fowles, Jinnet B and Weiner, Jonathan P},
	journal={Medical Care Research and Review},
	volume={67},
	number={5},
	pages={503--527},
	year={2010},
	publisher={Sage Publications Sage CA: Los Angeles, CA}
}

@article{tarca2007machine,
	title={Machine learning and its applications to biology},
	author={Tarca, Adi L and Carey, Vincent J and Chen, Xue-wen and Romero, Roberto and Dr{\u{a}}ghici, Sorin},
	journal={PLoS computational biology},
	volume={3},
	number={6},
	pages={e116},
	year={2007},
	publisher={Public Library of Science San Francisco, USA}
}

@inproceedings{ding2004k,
	title={K-means clustering via principal component analysis},
	author={Ding, Chris and He, Xiaofeng},
	booktitle={Proceedings of the twenty-first international conference on Machine learning},
	pages={29},
	year={2004}
}



@article{rai2010survey,
	title={A survey of clustering techniques},
	author={Rai, Pradeep and Singh, Shubha},
	journal={International Journal of Computer Applications},
	volume={7},
	number={12},
	pages={1--5},
	year={2010},
	publisher={International Journal of Computer Applications, 244 5 th Avenue,\# 1526, New~…}
}

@book{bishop2006pattern,
	title={Pattern recognition and machine learning},
	author={Bishop, Christopher M and Nasrabadi, Nasser M},
	volume={4},
	number={4},
	year={2006},
	publisher={Springer}
}

@article{batini2009methodologies,
	title={Methodologies for data quality assessment and improvement},
	author={Batini, Carlo and Cappiello, Cinzia and Francalanci, Chiara and Maurino, Andrea},
	journal={ACM computing surveys (CSUR)},
	volume={41},
	number={3},
	pages={1--52},
	year={2009},
	publisher={ACM New York, NY, USA}
}

@article{villa2019oxirisnet,
	title={oXirisNet registry: a prospective, national registry on the oXiris membrane},
	author={Villa, Gianluca and De Rosa, Silvia and Samoni, Sara and Neri, Mauro and Chelazzi, Cosimo and Romagnoli, Stefano and Gavagni, Mattia and Ronco, Claudio and De Gaudio, A Raffaele},
	journal={Blood purification},
	volume={47},
	pages={16--22},
	year={2019},
	publisher={Karger Publishers}
}

@book{geron2022hands,
	title={Hands-on machine learning with Scikit-Learn, Keras, and TensorFlow},
	author={G{\'e}ron, Aur{\'e}lien},
	year={2022},
	publisher={" O'Reilly Media, Inc."}
}